%YAML 1.1
%TAG !u! tag:unity3d.com,2011:
--- !u!1 &1186917084989604315
GameObject:
  m_ObjectHideFlags: 0
  m_CorrespondingSourceObject: {fileID: 0}
  m_PrefabInstance: {fileID: 0}
  m_PrefabAsset: {fileID: 0}
  serializedVersion: 6
  m_Component:
  - component: {fileID: 2991747150135764463}
  - component: {fileID: -4482902865694629146}
  - component: {fileID: 354117103702092234}
  - component: {fileID: 2806965355167060430}
  - component: {fileID: 855743253008347308}
  m_Layer: 6
  m_Name: BigMissile
  m_TagString: Untagged
  m_Icon: {fileID: 0}
  m_NavMeshLayer: 0
  m_StaticEditorFlags: 0
  m_IsActive: 1
--- !u!4 &2991747150135764463
Transform:
  m_ObjectHideFlags: 0
  m_CorrespondingSourceObject: {fileID: 0}
  m_PrefabInstance: {fileID: 0}
  m_PrefabAsset: {fileID: 0}
  m_GameObject: {fileID: 1186917084989604315}
  m_LocalRotation: {x: 0, y: 0, z: 0, w: 1}
  m_LocalPosition: {x: 0, y: 0, z: 0}
  m_LocalScale: {x: 1, y: 1, z: 1}
  m_Children:
  - {fileID: 5989521122232782822}
  m_Father: {fileID: 0}
  m_RootOrder: 0
  m_LocalEulerAnglesHint: {x: 0, y: 0, z: 0}
--- !u!114 &-4482902865694629146
MonoBehaviour:
  m_ObjectHideFlags: 0
  m_CorrespondingSourceObject: {fileID: 0}
  m_PrefabInstance: {fileID: 0}
  m_PrefabAsset: {fileID: 0}
  m_GameObject: {fileID: 1186917084989604315}
  m_Enabled: 1
  m_EditorHideFlags: 0
  m_Script: {fileID: 11500000, guid: e905b9f72d018fd49ac676cf6d8bd904, type: 3}
  m_Name: 
  m_EditorClassIdentifier: 
  m_rigidbody: {fileID: 2806965355167060430}
  m_speed: 1
  m_explodeRange: 0
  m_spriteRenderer: {fileID: 354117103702092234}
  m_explosionObject: {fileID: 5989521122232966056}
  m_explosionAnimator: {fileID: 5989521122242449744}
  m_explosionRange: 0.5
--- !u!212 &354117103702092234
SpriteRenderer:
  m_ObjectHideFlags: 0
  m_CorrespondingSourceObject: {fileID: 0}
  m_PrefabInstance: {fileID: 0}
  m_PrefabAsset: {fileID: 0}
  m_GameObject: {fileID: 1186917084989604315}
  m_Enabled: 1
  m_CastShadows: 0
  m_ReceiveShadows: 0
  m_DynamicOccludee: 1
  m_StaticShadowCaster: 0
  m_MotionVectors: 1
  m_LightProbeUsage: 1
  m_ReflectionProbeUsage: 1
  m_RayTracingMode: 0
  m_RayTraceProcedural: 0
  m_RenderingLayerMask: 1
  m_RendererPriority: 0
  m_Materials:
  - {fileID: 10754, guid: 0000000000000000f000000000000000, type: 0}
  m_StaticBatchInfo:
    firstSubMesh: 0
    subMeshCount: 0
  m_StaticBatchRoot: {fileID: 0}
  m_ProbeAnchor: {fileID: 0}
  m_LightProbeVolumeOverride: {fileID: 0}
  m_ScaleInLightmap: 1
  m_ReceiveGI: 1
  m_PreserveUVs: 0
  m_IgnoreNormalsForChartDetection: 0
  m_ImportantGI: 0
  m_StitchLightmapSeams: 1
  m_SelectedEditorRenderState: 0
  m_MinimumChartSize: 4
  m_AutoUVMaxDistance: 0.5
  m_AutoUVMaxAngle: 89
  m_LightmapParameters: {fileID: 0}
  m_SortingLayerID: 0
  m_SortingLayer: 0
  m_SortingOrder: 0
  m_Sprite: {fileID: 10913, guid: 0000000000000000f000000000000000, type: 0}
  m_Color: {r: 1, g: 1, b: 1, a: 1}
  m_FlipX: 0
  m_FlipY: 0
  m_DrawMode: 0
  m_Size: {x: 0.2, y: 0.2}
  m_AdaptiveModeThreshold: 0.5
  m_SpriteTileMode: 0
  m_WasSpriteAssigned: 1
  m_MaskInteraction: 0
  m_SpriteSortPoint: 0
--- !u!50 &2806965355167060430
Rigidbody2D:
  serializedVersion: 4
  m_ObjectHideFlags: 0
  m_CorrespondingSourceObject: {fileID: 0}
  m_PrefabInstance: {fileID: 0}
  m_PrefabAsset: {fileID: 0}
  m_GameObject: {fileID: 1186917084989604315}
  m_BodyType: 1
  m_Simulated: 1
  m_UseFullKinematicContacts: 0
  m_UseAutoMass: 0
  m_Mass: 1
  m_LinearDrag: 0
  m_AngularDrag: 0.05
  m_GravityScale: 1
  m_Material: {fileID: 0}
  m_Interpolate: 0
  m_SleepingMode: 1
  m_CollisionDetection: 0
  m_Constraints: 0
--- !u!58 &855743253008347308
CircleCollider2D:
  m_ObjectHideFlags: 0
  m_CorrespondingSourceObject: {fileID: 0}
  m_PrefabInstance: {fileID: 0}
  m_PrefabAsset: {fileID: 0}
  m_GameObject: {fileID: 1186917084989604315}
  m_Enabled: 1
  m_Density: 1
  m_Material: {fileID: 0}
  m_IsTrigger: 0
  m_UsedByEffector: 0
  m_UsedByComposite: 0
  m_Offset: {x: 0, y: 0}
  serializedVersion: 2
  m_Radius: 0.1
--- !u!1001 &5989521122232946288
PrefabInstance:
  m_ObjectHideFlags: 0
  serializedVersion: 2
  m_Modification:
    m_TransformParent: {fileID: 2991747150135764463}
    m_Modifications:
    - target: {fileID: 104186, guid: b185c1a9cf067374586d095111b15bd1, type: 3}
      propertyPath: m_Layer
      value: 6
      objectReference: {fileID: 0}
    - target: {fileID: 113464, guid: b185c1a9cf067374586d095111b15bd1, type: 3}
      propertyPath: m_Layer
      value: 6
      objectReference: {fileID: 0}
    - target: {fileID: 120280, guid: b185c1a9cf067374586d095111b15bd1, type: 3}
      propertyPath: m_Layer
      value: 6
      objectReference: {fileID: 0}
    - target: {fileID: 120280, guid: b185c1a9cf067374586d095111b15bd1, type: 3}
      propertyPath: m_IsActive
      value: 0
      objectReference: {fileID: 0}
    - target: {fileID: 139366, guid: b185c1a9cf067374586d095111b15bd1, type: 3}
      propertyPath: m_Name
      value: Explosion
      objectReference: {fileID: 0}
    - target: {fileID: 139366, guid: b185c1a9cf067374586d095111b15bd1, type: 3}
      propertyPath: m_Layer
      value: 6
      objectReference: {fileID: 0}
    - target: {fileID: 139366, guid: b185c1a9cf067374586d095111b15bd1, type: 3}
      propertyPath: m_IsActive
      value: 1
      objectReference: {fileID: 0}
    - target: {fileID: 162364, guid: b185c1a9cf067374586d095111b15bd1, type: 3}
      propertyPath: m_Layer
      value: 6
      objectReference: {fileID: 0}
    - target: {fileID: 192790, guid: b185c1a9cf067374586d095111b15bd1, type: 3}
      propertyPath: m_Layer
      value: 6
      objectReference: {fileID: 0}
    - target: {fileID: 426390, guid: b185c1a9cf067374586d095111b15bd1, type: 3}
      propertyPath: m_RootOrder
      value: 0
      objectReference: {fileID: 0}
    - target: {fileID: 426390, guid: b185c1a9cf067374586d095111b15bd1, type: 3}
      propertyPath: m_LocalScale.x
      value: 0.2
      objectReference: {fileID: 0}
    - target: {fileID: 426390, guid: b185c1a9cf067374586d095111b15bd1, type: 3}
      propertyPath: m_LocalScale.y
      value: 0.2
      objectReference: {fileID: 0}
    - target: {fileID: 426390, guid: b185c1a9cf067374586d095111b15bd1, type: 3}
      propertyPath: m_LocalPosition.x
      value: 0
      objectReference: {fileID: 0}
    - target: {fileID: 426390, guid: b185c1a9cf067374586d095111b15bd1, type: 3}
      propertyPath: m_LocalPosition.y
      value: 0
      objectReference: {fileID: 0}
    - target: {fileID: 426390, guid: b185c1a9cf067374586d095111b15bd1, type: 3}
      propertyPath: m_LocalPosition.z
      value: 0
      objectReference: {fileID: 0}
    - target: {fileID: 426390, guid: b185c1a9cf067374586d095111b15bd1, type: 3}
      propertyPath: m_LocalRotation.w
      value: 1
      objectReference: {fileID: 0}
    - target: {fileID: 426390, guid: b185c1a9cf067374586d095111b15bd1, type: 3}
      propertyPath: m_LocalRotation.x
      value: 0
      objectReference: {fileID: 0}
    - target: {fileID: 426390, guid: b185c1a9cf067374586d095111b15bd1, type: 3}
      propertyPath: m_LocalRotation.y
      value: 0
      objectReference: {fileID: 0}
    - target: {fileID: 426390, guid: b185c1a9cf067374586d095111b15bd1, type: 3}
      propertyPath: m_LocalRotation.z
      value: 0
      objectReference: {fileID: 0}
    - target: {fileID: 426390, guid: b185c1a9cf067374586d095111b15bd1, type: 3}
      propertyPath: m_LocalEulerAnglesHint.x
      value: 0
      objectReference: {fileID: 0}
    - target: {fileID: 426390, guid: b185c1a9cf067374586d095111b15bd1, type: 3}
      propertyPath: m_LocalEulerAnglesHint.y
      value: 0
      objectReference: {fileID: 0}
    - target: {fileID: 426390, guid: b185c1a9cf067374586d095111b15bd1, type: 3}
      propertyPath: m_LocalEulerAnglesHint.z
      value: 0
      objectReference: {fileID: 0}
    - target: {fileID: 2194866911661787935, guid: b185c1a9cf067374586d095111b15bd1, type: 3}
      propertyPath: m_misille
      value: 
      objectReference: {fileID: -4482902865694629146}
    - target: {fileID: 2194866911661787935, guid: b185c1a9cf067374586d095111b15bd1, type: 3}
      propertyPath: m_spriteRenderer
      value: 
      objectReference: {fileID: 354117103702092234}
    - target: {fileID: 2194866911661787935, guid: b185c1a9cf067374586d095111b15bd1, type: 3}
      propertyPath: m_explosionAnimator
      value: 
      objectReference: {fileID: 5989521122242449744}
    m_RemovedComponents: []
  m_SourcePrefab: {fileID: 100100000, guid: b185c1a9cf067374586d095111b15bd1, type: 3}
--- !u!4 &5989521122232782822 stripped
Transform:
  m_CorrespondingSourceObject: {fileID: 426390, guid: b185c1a9cf067374586d095111b15bd1, type: 3}
  m_PrefabInstance: {fileID: 5989521122232946288}
  m_PrefabAsset: {fileID: 0}
--- !u!1 &5989521122232966056 stripped
GameObject:
  m_CorrespondingSourceObject: {fileID: 120280, guid: b185c1a9cf067374586d095111b15bd1, type: 3}
  m_PrefabInstance: {fileID: 5989521122232946288}
  m_PrefabAsset: {fileID: 0}
--- !u!95 &5989521122242449744 stripped
Animator:
  m_CorrespondingSourceObject: {fileID: 9510688, guid: b185c1a9cf067374586d095111b15bd1, type: 3}
  m_PrefabInstance: {fileID: 5989521122232946288}
  m_PrefabAsset: {fileID: 0}
